@online{sharpen,
  author = {SHARPEN},
  title = {{SHARPEN} Hypergraph implementation},
  year = 2012,
  url = {http://sharpen.engr.colostate.edu/mediawiki/index.php/Hypergraph_implementation},
  urldate = {2016-3-30}
}
@misc{AnnaCorrespondence,
  author        = "A. Ritz",
  howpublished  = "private communication",
  year          = "2016",
  note          = "Reed College Department of Biology"
}
@misc{halp,
  author = {Murali-group},
  title = {Hypergraph Algorithms Package},
  year = {2015},
  publisher = {GitHub},
  journal = {GitHub repository},
  howpublished = {\url{https://github.com/Murali-group/halp}},
  commit = {56784b23f31f5cbe27d65e6c2e10899bf3e6f3ff}
}
@book{Biggs1986,
 author = {Biggs, N. and Lloyd, E. K. and Wilson, R. J.},
 title = {Graph Theory, 1736-1936},
 year = {1986},
 isbn = {0-198-53916-9},
 publisher = {Clarendon Press},
 address = {New York, NY, USA},
}
@book{Papadimitriou1998,
 author = {Papadimitriou, C.H. and Steiglitz, K.},
 title = {Combinatorial optimization: algorithms and complexity},
 year = {1998},
 isbn = {0486402584},
 publisher = {Dover},
 address = {Mineola, NY, USA},
}
@article{humanGenome,
  title={Initial sequencing and analysis of the human genome},
  author={Lander, Eric S and Linton, Lauren M and Birren, Bruce and Nusbaum, Chad and Zody, Michael C and Baldwin, Jennifer and Devon, Keri and Dewar, Ken and Doyle, Michael and FitzHugh, William and others},
  journal={Nature},
  volume={409},
  number={6822},
  pages={860--921},
  year={2001},
  publisher={Nature Publishing Group}
}
